%% This BibTeX bibliography file was created using BibDesk.
%% http://bibdesk.sourceforge.net/

%% Created for mas1dl at 2016-06-09 10:34:11 +0100 


%% Saved with string encoding Unicode (UTF-8) 

@article {Ditlevsen2010,
author = {Ditlevsen, P. D. and Johnsen, S. J.},
title = {Tipping points: Early warning and wishful thinking},
journal = {Geophysical Research Letters},
volume = {37},
number = {19},
issn = {1944-8007},
pages = {L19703--1-4},
keywords = {Abrupt/rapid climate change, Climate dynamics, Time series analysis, Bifurcations and attractors, Ice cores, bifurcations, tipping points, rapid climate change},
year = {2010}
}
% author = {Ditlevsen, Peter D. and Johnsen, Sigfus J.},


@article{Rheinboldt2000,
	Author = {Rheinboldt, W. C.},
	Date-Added = {2016-06-09 09:32:55 +0000},
	Date-Modified = {2016-06-09 09:34:11 +0000},
	Journal = {Journal of Computational and Applied Mathematics},
	Pages = {229--244},
	Title = {Numerical Continuation methods: a perspective},
	Volume = {124},
	Year = {2000}}

@article{Barton2011,
	Author = {Barton, D. W. and Burrow, S. G.},
	Issue = {1},
	Journal = {ASME. J. Comput. Nonlinear Dynam.},
	Pages = {011010-011010-6},
	Title = {Numerical Continuation in a Physical Experiment: Investigation of a Nonlinear Energy Harvester},
	Volume = {6},
	Year = {2010}}

@article{Barton2012,
	Author = {Barton, D. W. and Mann, B. P. and Burrow, S. G.},
	Journal = {Journal of Vibration and Control},
	Number = {4},
	Pages = {509-520},
	Title = {Control-based continuation for investigating nonlinear experiments},
	Volume = {18},
	Year = {2012}}

@article{Spiliotis2012,
	Author = {K. G. Spiliotis and L. Russo and C. I. Siettos},
	Journal = {Annual Review of Chaos Theory, Bifurcations and Dynamical Systems},
	Pages = {1-20},
	Title = {Symmetry and Symmetry-Breaking of the Emergent Dynamics of the Discrete Stochastic Majority-Voter Model},
	Volume = {2},
	Year = {2012}}

@article{Chiavazzo2014,
	Author = {Chiavazzo, E. and Gear, C. W. and Dsilva, C. J. and Rabin, N. and Kevrekidis, I. G.},
	Journal = {Processes},
	Number = {1},
	Pages = {112-140},
	Title = {Reduced Models in Chemical Kinetics via Nonlinear Data-Mining},
	Volume = {2},
	Year = {2014}}

@article{Frederix2009,
	Author = {Y. Frederix and G. Samaey and C. Vandekerckhove and T.Li and E.Nies and D. Roose},
	Journal = {Discrete and Continuous Dynamical Systems - Series B},
	Number = {4},
	Pages = {855-874},
	Title = {Lifting in equation-free methods for molecular dynamics simulations of dense fluids},
	Volume = {11},
	Year = {2009}}

@article{Frederix2007,
	Author = {Y. Frederix and G. Samaey and C. Vandekerckhove and D. Roose},
	Journal = {PAMM},
	Number = {1},
	Pages = {2010003--2010004},
	Publisher = {WILEY-VCH Verlag},
	Title = {Equation-free methods for molecular dynamics: a lifting procedure},
	Volume = {7},
	Year = {2007}}

@article{Sieber2008,
	Author = {J. Sieber and A. Gonzalez-Buelga and S. A. Neild and D. J. Wagg and B. Krauskopf},
	Journal = {Physical Review Letters},
	Pages = {244101-1--244101-4},
	Title = {Experimental Continuation of Periodic Orbits through a Fold},
	Volume = {100},
	Year = {2008}}

@incollection{Keller1979,
	Author = {H. B. Keller},
	Booktitle = {Computing Methods in Applied Sciences and Engineering, I Lecture Notes in Mathematics},
	Editor = {R. Glowinski, J. L Lions and I. Laboria},
	Pages = {241-251},
	Publisher = {Springer Berlin Heidelberg},
	Title = {Constructive methods for bifurcation and nonlinear eigenvalue problems},
	Volume = {704},
	Year = {1979}}

@article{Keller1977,
	Author = {H. B. Keller},
	Journal = {Applications of Bifurcation Theory},
	Pages = {359-384},
	Publisher = {Academic Press, New York},
	Title = {Numerical solution of bifurcation and nonlinear eigenvalue problems},
	Volume = {1977},
	Year = {1977}}

@book{Allgower1990,
	Author = {E. L. Allgower and K. Georg},
	Publisher = {Springer-Verlag Berlin Heidelberg},
	Title = {Numerical Continuation Methods, An Introduction},
	Year = {1990}}

@article{Allgower1980,
	Author = {E. Allgower and K. Georg},
	Journal = {SIAM Review},
	Pages = {28-85},
	Title = {Simplicial and Continuation Methods for Approximating Fixed Points and Solutions to Systems of Equations},
	Volume = {22},
	Year = {1980}}

@book{Krauskopf2007,
	Editor = {B. Krauskopf and H. M. Osinga and J. Gal\`{a}n-Vioque},
	Publisher = {Springer},
	Title = {Numerical Continuation Methods for Dynamical Systems},
	Year = {2007}}

@article{Barkley2006,
	Author = {D. Barkely and I. G. Keverekidis and A. M. Stuart},
	Journal = {SIAM J. Applied Dynamical Systems},
	Pages = {403-434},
	Title = {The Moment Map: Nonlinear Dynamics of Density Evolution via a Few Moments},
	Volume = {5},
	Year = {2006}}

@article{Kuehn2012,
	Author = {C. Kuehn},
	Journal = {SIAM Journal on Scientific Computing},
	Pages = {A1635-A1658},
	Title = {Deterministic continuation of stochastic metastable equilibria via Lyapunov equations and ellipsoids},
	Volume = {34},
	Year = {2012}}

@article{Kuehn2013,
	Author = {C. Kuehn},
	Journal = {SIAM Journal on Scientific Computing},
	Pages = {A1635-A1658},
	Title = {Deterministic continuation of stochastic metastable equilibria via Lyapunov equations and ellipsoids},
	Volume = {34},
	Year = {2012}}

@article{Seydel1983,
	Author = {R. Seydel},
	Journal = {Numer. Math.},
	Pages = {93-116},
	Title = {Branch switching in bifurcation problems for ordinary differential equations},
	Volume = {41},
	Year = {1983}}

@article{Seydel1987,
	Author = {R. Seydel and V. Hlavacek},
	Journal = {Chemical Engineering Science},
	Pages = {1281-1295},
	Title = {Role of continuation in engineering analysis},
	Volume = {42},
	Year = {1987}}

@book{Shalashilin2003,
	Author = {V. I. Shalashilin and E. B. Kuznetsov},
	Publisher = {Springer},
	Title = {Parametric Continuation and Optimal Parametrization in Applied Mathematics and Mechanics},
	Year = {2003}}

@book{Kelley2003,
	Author = {C. T. Kelley},
	Publisher = {SIAM, Philadelphia, PA},
	Title = {Solving nonlinear equations with Newton's method, Fundamentals of Algorithms},
	Volume = {1},
	Year = {2003}}

@article{lee2015,
	Author = {Lee, J-S. and Filatova, T. and Ligmann-Zielinska, A. and Hassani-Mahmooei, B. and Stonedahl, F. and Lorscheid, I. and Voinov, A. and Polhill, G. and Sun, Z. and Parker, D. C.},
	Issn = {1460-7425},
	Journal = {Journal of Artificial Societies and Social Simulation},
	Number = {4},
	Pages = {4},
	Title = {The Complexities of Agent-Based Modeling Output Analysis},
	Volume = {18},
	Year = {2015}}

@article{Thiele2014,
	Author = {Thiele, J. C. and Kurth, W. and Grimm, V.},
	Issn = {1460-7425},
	Journal = {Journal of Artificial Societies and Social Simulation},
	Number = {3},
	Pages = {11},
	Title = {Facilitating Parameter Estimation and Sensitivity Analysis of Agent-Based Models: A Cookbook Using {N}et{L}ogo and `{R}'},
	Volume = {17},
	Year = {2014}}

@book{Keller1986,
	Author = {H. B. Keller},
	Publisher = {Springer},
	Title = {Lecture on Numerical Methods In Bifurcation Problems},
	Year = {1986}}

@article{Doedel1991,
	Author = {E. Doedel and H. B. Keller and J. P. Kerenevez},
	Journal = {International Journal of Bifurcation and Chaos},
	Number = {3},
	Pages = {493-520},
	Title = {Numerical Analysis And Control Of Bifurcation Problems (I) Bifurcation in Finite Dimensions},
	Volume = {1},
	Year = {1991}}

@article{Meunier1988,
	Author = {C. Meunier and A. D. Verga},
	Journal = {J. Stat. Phys.},
	Number = {1-2},
	Pages = {345-375},
	Title = {Noise and Bifurcations},
	Volume = {50},
	Year = {1988}}

@misc{AUTO07,
	Author = {E. J. Doedel and B. E. Oldeman},
	Howpublished = {\url{http://www.dam.brown.edu/people/sandsted/auto/auto07p.pdf}},
	Note = {Accessed: 2016-01-07},
	Title = {AUTO-07P: Continuation And Bifurcation Software For Ordinary Differential Equations}}

@article{BIFTOOL,
	Author = {Doedel, E. and Sharifi, H.},
	Journal = {Notes on Numerical Fluid Mechanics},
	Pages = {105--118},
	Publisher = {Citeseer},
	Title = {Collocation methods for continuation problems in non-linear elliptic PDEs},
	Volume = {74},
	Year = {2000}}

@book{XPPAUT,
	Author = {Ermentrout, B.},
	Publisher = {Siam},
	Title = {Simulating, analyzing, and animating dynamical systems: a guide to XPPAUT for researchers and students},
	Volume = {14},
	Year = {2002}}

@article{MATCONT,
	Author = {W. Govaerts and Yu. A. Kuznetsov and A. Dhooge},
	Journal = {SIAM J. Sci. Computing},
	Number = {1},
	Pages = {231-252},
	Title = {Numerical continuation of bifurcations of limit cycles in Matlab},
	Volume = {27},
	Year = {2005}}

@book{CONTENT,
	Author = {Yu. A. Kuznetsov},
	Publisher = {Springer, New York},
	Title = {Elements of Applied Bifurcation Theory},
	Year = {2004}}

@article{Kevrekidis2009,
	Author = {I. G. Kevrekidis and G. Samaey},
	Journal = {Annual Review of Physical Chemistry},
	Number = {1},
	Pages = {321-344},
	Title = {Equation-Free Multiscale Computation: Algorithms and Applications},
	Volume = {60},
	Year = {2009}}

@article{Theodoropoulos2000,
	Author = {C. Theodoropoulos and Y. H. Qian and I. G. Kevrekidis},
	Journal = {Proc. Natl. Acad. Sci.},
	Pages = {9840-9845},
	Title = {Coarse stability and bifurcation analysis using time-steppers: a reaction-diffusion example},
	Volume = {97},
	Year = {2000}}

@article{Erban2007,
	Author = {R. Erban and T. A. Frewen and X. Wang and T. C. Elston and R. Coifman and B. Nadler and I. G. Kevrekidis},
	Journal = {Journal of Chemical Physics},
	Number = {15},
	Pages = {1-26},
	Title = {Variable-free exploration of stochastic models: A gene regulatory network example},
	Volume = {126},
	Year = {2007}}

@article{Kevrekidis2003,
	Author = {I. G. Kevrekidis and C. W. Gear and J. M. Hyman and P. G. Kevrekidis and O. Runborg and C. Theodoropoulos},
	Journal = {Communications in Mathematical Sciences},
	Number = {4},
	Pages = {715-762},
	Title = {Equation-free, coarse-grained multiscale computation: enabling microscopic simulators to perform system-level analysis},
	Volume = {1},
	Year = {2003}}

@article{Li2007,
	Author = {J. Li and P. G. Kevrekidis and C. W. Gear and I. G. Kevrekidis},
	Journal = {SIAM Review},
	Number = {3},
	Pages = {469-487},
	Title = {Deciding the Nature of the Coarse Equation through Microscopic Simulations: The Baby-Bathwater Scheme},
	Volume = {49},
	Year = {2007}}

@article{Makeev2002a,
	Author = {A. G. Makeev and D. Maroudas and I. G. Kevrekidis},
	Journal = {J. Chem. Phys.},
	Number = {23},
	Pages = {10083-10091},
	Title = {Coarse stability and bifurcation analysis using stochastic simulations: Kinetic Monte Carlo examples},
	Volume = {116},
	Year = {2002}}

@article{Makeev2002b,
	Author = {A. G. Makeev and D. Maroudas and A. Z. Panagiotopoulos and I. G. Kevrekidis},
	Journal = {J. Chem. Phys.},
	Number = {18},
	Pages = {8229-8240},
	Title = {Coarse bifurcation analysis of kinetic Mote Carlo simulations: A lattice-gas model with lateral interactions},
	Volume = {117},
	Year = {2002}}

@article{Gross2008,
	Author = {T. Gross and I. G. Kevrekidis},
	Journal = {EPL},
	Number = {3},
	Pages = {38004},
	Title = {Robust oscillations in SIS epidemics on adaptive networks: Coarse graining by automated moment closure},
	Volume = {82},
	Year = {2008}}

@article{Siettos2011,
	Author = {C. I. Siettos},
	Journal = {Applied Mathematics and Computation},
	Pages = {324-336},
	Title = {Equation-free multiscale computational analysis of individual-based epidemic dynamics on networks},
	Volume = {218},
	Year = {2011}}

@article{Siettos2012,
	Author = {C. I. Siettos and C. W. Gear and I. G. Kevrekidis},
	Journal = {EPL},
	Pages = {48007},
	Title = {An equation-free approach to agent-based computation: Bifurcation analysis and control of stationary states},
	Volume = {99},
	Year = {2012}}

@article{Avitabile2014,
	Author = {D. Avitabile and R. Hoyle and G. Samaey},
	Journal = {SIAM J. Applied Dynamical Systems},
	Number = {4},
	Pages = {1583-1619},
	Title = {Noise Reduction in Coarse Bifurcation Analysis of Stochastic Agent-Based Models: An Example of Consumer Lock-In},
	Volume = {13},
	Year = {2014}}

@article{Bureau2013,
	Author = {E. Bureau and F. Schilder and I. F. Santos and J. J. Thomsen and J. Stake},
	Journal = {Journal of Sound and Vibration},
	Pages = {5883-5897},
	Title = {Experimental bifurcation analysis of an impact oscillator$-$Tuning a non-invasive control scheme},
	Volume = {332},
	Year = {2013}}

@article{Bureau2014,
	Author = {E. Bureau and F. Schilder and M. Elmeg\r{a}rd and I. F. Santos and J. J. Thomsen and J. Stake},
	Journal = {Journal of Sound and Vibration},
	Pages = {5464-5474},
	Title = {Experimental bifurcation analysis of an impact oscillator$-$Determining stability},
	Volume = {333},
	Year = {2014}}

@article{Schilder2015,
	Author = {F. Schilder and E. Bureau and I. Santos and J. J. Thomsen and J. Starke},
	Journal = {Journal of Sound and Vibration},
	Pages = {251-266},
	Title = {Experimental bifurcation analysis?Continuation for noise-contaminated zero problems},
	Volume = {358},
	Year = {2015}}

@article{Kevrekisis2004,
	Author = {I. G. Kevrekidis and C. W. Gear and G. Hummer},
	Journal = {AIChE J.},
	Number = {7},
	Pages = {1346-1355},
	Title = {Equation-free: The computer-aided analysis of complex multiscale systems},
	Volume = {50},
	Year = {2004}}

@article{Marschler2014b,
	Author = {C. Marschler and J. Sieber and R. Berkemer and A. Kawamoto and J. Starke},
	Journal = {SIAM J. Applied Dynamical Systems},
	Number = {3},
	Pages = {1202--1238},
	Title = {Implicit Methods for Equation-Free Analysis: Convergence Results and Analysis of Emergent Waves in Microscopic Traffic Models},
	Volume = {13},
	Year = {2014}}

@article{Tsoumanis2012,
	Author = {A. C. Tsoumanis and K. Rajendran and C. I. Siettos and I. G .Kevrekidis},
	Journal = {New Journal of Physics},
	Number = {8},
	Pages = {083037},
	Title = {Coarse-graining the dynamics of network evolution: the rise and fall of a networked society},
	Volume = {14},
	Year = {2012}}

@article{Zou2012,
	Author = {Zou, Y. and Fonoberov, V. A. and Fonoberova, M. and Mezic, I. and Kevrekidis, I. G.},
	Issue = {6},
	Journal = {Phys. Rev. E},
	Numpages = {13},
	Pages = {066106},
	Title = {Model reduction for agent-based social simulation: Coarse-graining a civil violence model},
	Volume = {85},
	Year = {2012}}

@article{Liu2015,
	Author = {P. Liu and G. Samaey, C. W. Gear and I. G. Kevrekidis},
	Journal = {Applied Numerical Mathematicsi},
	Pages = {54-69},
	Title = {On the acceleration of spatially distributed agent-based computation: A patch dynamics scheme},
	Volume = {92},
	Year = {2012}}

@misc{Altruism,
	Author = {U. Wilensky},
	Howpublished = {Center for Connected Learning and Computer-Based Modeling, Northwestern University, Evanston, IL, \url{http://ccl.northwestern.edu/netlogo/models/Altruism}},
	Title = {NetLogo Altruism model},
	Year = {1998}}

@misc{swarm,
	Howpublished = {\url{http://savannah.nongnu.org/projects/swarm}},
	Note = {Accessed: 2016-01-06},
	Title = {Swarm: a kernel and library for the multi-agent simulation of complex systems}}

@article{Feng2012,
	Author = {L. Feng and B. Li and B. Podobnik and T. Preis and H. E. Stanley},
	Journal = {Proceedings of the National Academy of Sciences},
	Number = {22},
	Pages = {8288-8393},
	Title = {Linking agent-based models and stochastic models of financial markets},
	Volume = {109},
	Year = {2012}}

@misc{Netlogo,
	Author = {U. Wilensky},
	Howpublished = {Center for Connected Learning and Computer-Based Modeling, Northwestern University, Evanston, IL, \url{http://ccl.northwestern.edu/netlogo/}},
	Title = {NetLogo},
	Year = {1999}}

@misc{Ising,
	Author = {U. Wilensky},
	Howpublished = {Center for Connected Learning and Computer-Based Modeling, Northwestern University, Evanston, IL, \url{http://ccl.northwestern.edu/netlogo/models/Ising}},
	Title = {NetLogo Ising model},
	Year = {2003}}

@misc{Fire,
	Author = {U. Wilensky},
	Howpublished = {Center for Connected Learning and Computer-Based Modeling, Northwestern University, Evanston, IL, \url{http://ccl.northwestern.edu/netlogo/models/Fire}},
	Title = {NetLogo Fire model},
	Year = {1997}}

@article{An2009,
	Author = {G. An and Q. Mi and J. Dutta-Moscato and Y. Vodovotz},
	Journal = {Wiley Interdisciplinary Reviews: Systems Biology and Medicine},
	Number = {2},
	Pages = {159-171},
	Title = {Agent-based models in translational systems biology},
	Volume = {1},
	Year = {2009}}

@article{Li2008,
	Author = {X. Li and W. Mao and D. Zeng and F-Y Wang},
	Journal = {Lecture Notes in Computer Science},
	Pages = {401-412},
	Title = {Agent-Based Social Simulation and Modeling in Social Computing},
	Volume = {5075},
	Year = {2008}}

@book{Barnes2010,
	Author = {D. J. Barnes and D. Chu},
	Publisher = {Springer, New York},
	Title = {Introduction to modeling for biosciences},
	Year = {2010}}

@book{Epstein2006,
	Author = {J. M. Epstein},
	Publisher = {Princeton University},
	Title = {Generative Social Science: Studies in Agent-Based Computational Modeling},
	Year = {2006}}

@book{Gilbert2010,
	Author = {N. Gilbert},
	Publisher = {SAGE publications Ltd},
	Title = {Computational Social Science},
	Year = {2010}}

@article{Lima2009,
	Author = {F. W. S. Lima and T. Hadzibeganovic and D. Stauffer},
	Journal = {Physica A},
	Number = {24},
	Pages = {4999-5004},
	Title = {Evolution of ethnocentrism on undirected and directed Barab\'{a}si-Albert networks},
	Volume = {399},
	Year = {2009}}

@article{Tang2007,
	Author = {J. Tang and K. F. Ley and C. A. Hunt},
	Journal = {BMC Systems Biology},
	Number = {14},
	Pages = {1--25},
	Title = {Dynamics of in silico leukocyte rolling, activation, and adhesion},
	Volume = {1},
	Year = {2007}}

@article{Hughes2012,
	Author = {H. P. N. Hughes and C. W. Clegg and M. A. Robinson and R. M. Crowder},
	Journal = {Journal of Occupational and Organizational Psychology},
	Number = {3},
	Pages = {487-502},
	Title = {Agent-based modelling and simulation: The potential contribution to organizational psychology},
	Volume = {85},
	Year = {2012}}

@article{Niazi2009,
	Author = {M. Niazi and A. Hussain},
	Journal = {Communications Magazine, IEEE},
	Number = {3},
	Pages = {166-173},
	Title = {Agent-based tools for modeling and simulation of self-organization in peer-to-peer, ad hoc, and other complex networks},
	Volume = {47},
	Year = {2009}}

@article{Niazi2011,
	Author = {M. Niazi and A. Hussain},
	Journal = {Sensors Journal, IEEE},
	Number = {2},
	Pages = {404-412},
	Title = {A Novel Agent-Based Simulation Framework for Sensing in Complex Adaptive Environments},
	Volume = {11},
	Year = {2011}}

@book{Sarker2010,
	Editor = {R. A. Sarker and T. Ray},
	Publisher = {Springer Berlin Heidelberg},
	Title = {Agent Based Evolutionary Approach: An Introduction},
	Year = {2010}}

@article{Boyd2003,
	Author = {R. Boyd and H. Gintis and S. Bowles and P. J. Richerson},
	Journal = {Proceedings of the National Academy of Sciences},
	Number = {6},
	Pages = {3531-3535},
	Title = {The evolution of altruistic punishment},
	Volume = {100},
	Year = {2003}}

@book{Camerer2003,
	Author = {C. F. Camerer},
	Publisher = {Russel Sage Fondation, New York, NY},
	Title = {Behavioral game theory: Experiments in strategic interaction},
	Year = {2003}}

@article{Nowak1998,
	Author = {M. A. Nowak and K. Sigmund},
	Journal = {Nature},
	Pages = {573-577},
	Title = {Evolution of indirect reciprocity by image scoring},
	Volume = {393},
	Year = {1998}}

@article{Janssen2008b,
	Author = {M. A. Janssen and C. Bushman},
	Journal = {Journal of Theoretical Biology},
	Number = {3},
	Pages = {541-545},
	Title = {Evolution of cooperation and altruistic punishment when retaliation is possible},
	Volume = {254},
	Year = {2008}}

@book{Efron1993,
	Author = {B. Efron and R. J. Tibshirani},
	Publisher = {New York: Chapman \& Hall},
	Title = {An introduction to the bootstrap},
	Year = {1993}}

@article{Kailath1967,
	Author = {T. Kailath},
	Journal = {IEEE Trans. on Communication Technology},
	Number = {1},
	Pages = {52-60},
	Title = {The Divergence and Bhattacharyya Distance Measures in Signal Selection},
	Volume = {15},
	Year = {1967}}

@article{Bhattacharyya1946,
	Author = {A. Bhattacharyya},
	Journal = {The Indian Journal of Statistics, 1933-1960},
	Number = {4},
	Pages = {401-406},
	Title = {On a Measure of Divergence between Two Multinomial Populations},
	Volume = {7},
	Year = {1946}}

@article{Reppas2010,
	Author = {A. I. Reppas and A. C. Tsoumanis and C. I. Siettos},
	Journal = {Applied Mathematical Modelling},
	Number = {3},
	Pages = {552-560},
	Title = {Coarse-grained bifurcation analysis and detection of criticalities of an individual-based epidemiological network model with infection control},
	Volume = {34},
	Year = {2010}}

@article{Janssen2008,
	Author = {M. A. Janssen},
	Journal = {Journal of Economic Behavior \& Organization},
	Number = {3-4},
	Pages = {458-471},
	Title = {Evolution of cooperation in a one-shot Prisoner's Dilemma based on recognition of trustworthy and untrustworthy agents},
	Volume = {65},
	Year = {2008}}

@article{Janssen2012,
	Author = {M. A. Janssen},
	Journal = {Journal of Economic Behavior \& Organization},
	Number = {1},
	Pages = {220-229},
	Title = {Evolution of cooperation in asymmetric commons dilemmas},
	Volume = {81},
	Year = {2008}}

@book{Janssen2014c,
	Author = {M. A. Janssen},
	Pages = {189-205},
	Title = {An Agent-Based Model Based on Field Experiments, Empirical Agent-Based Modelling - Challenges and Solutions},
	Year = {2014}}

@book{Railsback2011,
	Author = {S. F. Railsback and V. Grimm},
	Publisher = {Princeton University Press},
	Title = {Agent-Based and Individual-Based Modeling:A Practical Introduction},
	Year = {2011}}

@article{Weaver1948,
	Author = {W. Weaver},
	Journal = {American Scientist},
	Number = {4},
	Pages = {536-44},
	Title = {Science and Complexity},
	Volume = {36},
	Year = {948}}

@article{Tsoumanis2010,
	Author = {TSOUMANIS, A. C. and SIETTOS, C. I. and BAFAS, G. V. and KEVREKIDIS, I. G.},
	Journal = {International Journal of Bifurcation and Chaos},
	Number = {11},
	Pages = {3673-3688},
	Title = {EQUATION-FREE MULTISCALE COMPUTATIONS IN SOCIAL NETWORKS: FROM AGENT-BASED MODELING TO COARSE-GRAINED STABILITY AND BIFURCATION ANALYSIS},
	Volume = {20},
	Year = {2010}}

@incollection{Baggio2013,
	Author = {Jacopo A. Baggio and Marco A. Janssen},
	Booktitle = {Proceedings of the 2013 Winter Simulation Conference},
	Pages = {1742-1753},
	Title = {Comparing agent-based models on experimental data of irrigation games},
	Year = {2013}}

@article{Mittleldorf2000,
	Author = {J. Mitteldorf and D. S. Wilson},
	Journal = {Journal of Theoretical Biology},
	Number = {},
	Pages = {481-496},
	Title = {Population Viscosity and the Evolution of Altruism},
	Volume = {204},
}
%	Author = {Joshua Mitteldorf and David Sloan Wilson},

@inbook{Szathmary1999,
	Author = {E. Szathm\'ary},
	Booktitle = {Levels of Selection in Evolution},
	Chapter = {3},
	Editor = {L. Keller},
	Pages = {31--52},
	Publisher = {Princeton},
	Title = {The First Replicators},
	Year = {1999}}

@article{Cisternas2004,
	Author = {Cisternas, J. and Gear, C. W. and Levin, S. and Kevrekidis, I. G.},
	Doi = {10.1098/rspa.2004.1300},
	Issn = {1364-5021},
	Journal = {Proceedings of the Royal Society of London A: Mathematical, Physical and Engineering Sciences},
	Number = {2050},
	Pages = {2761--2779},
	Publisher = {The Royal Society},
	Title = {Equation-free modelling of evolving diseases: coarse-grained computations with individual-based models},
	Volume = {460},
	Year = {2004},
	Bdsk-Url-1 = {http://dx.doi.org/10.1098/rspa.2004.1300}}

@article{Erban2006,
	Author = {R. Erban and I. G. Kevrekidis and H. G. Othmer},
	Doi = {10.1016/j.physd.2006.01.008},
	Journal = {Physica D: Nonlinear Phenomena},
	Number = {1},
	Pages = {1--24},
	Title = {An equation-free computational approach for extracting population-level behavior from individual-based models of biological dispersal},
	Volume = {215},
	Year = {2006},
	Bdsk-Url-1 = {http://dx.doi.org/10.1016/j.physd.2006.01.008}}

@article{Mohtashemi2003,
	Author = {M. Mohtashemi and L. Mui},
	Doi = {http://dx.doi.org/10.1016/S0022-5193(03)00143-7},
	Journal = {Journal of Theoretical Biology},
	Number = {4},
	Pages = {523--531},
	Title = {Evolution of indirect reciprocity by social information: the role of trust and reputation in evolution of altruism},
	Volume = {223},
	Year = {2003},
	Bdsk-Url-1 = {http://dx.doi.org/10.1016/S0022-5193(03)00143-7}}

@incollection{Shultz2009,
	Author = {T. Shultz, M. Hartshorn and A. Kaznatcheev},
	Booktitle = {in Proceedings of the 31st Annual Conference of the Cognitive Science Society},
	Editors = {N. A. Taatgen and H. van Rijn},
	Pages = {2100-2105},
	Publisher = {Cognitive Science Society},
	Title = {Why Is Ethnocentrism More Common Than Humanitarianism?},
	Year = {2009}}

@inbook{Janssen2014,
	Address = {Cham},
	Author = {Janssen, M. A. and Ostrom, E.},
	Chapter = {Vulnerability of Social Norms to Incomplete Information},
	Doi = {10.1007/978-3-319-05308-0_9},
	Editor = {Xenitidou, Maria and Edmonds, Bruce},
	Pages = {161--173},
	Publisher = {Springer International Publishing},
	Title = {The Complexity of Social Norms},
	Year = {2014},
	Bdsk-Url-1 = {http://dx.doi.org/10.1007/978-3-319-05308-0_9}}

@article{Janssen2014b,
	Author = {Janssen, M. A. and Manning, M. and Udaiani, O.},
	Doi = {10.1142/S0219525914500155},
	Journal = {Advances in Complex Systems},
	Number = {03n04},
	Pages = {1450015},
	Title = {The effect of social preferences on the evolution of cooperation in public good games},
	Volume = {17},
	Year = {2014},
	Bdsk-Url-1 = {http://dx.doi.org/10.1142/S0219525914500155}}

@article{Pepper2007,
	Author = {Pepper, J. W.},
	Doi = {10.1162/artl.2007.13.1.1},
	Journal = {Artificial Life},
	Number = {1},
	Pages = {1--9},
	Title = {Simple Models of Assortment through Environmental Feedback},
	Volume = {13},
	Year = {2007},
	Bdsk-Url-1 = {http://dx.doi.org/10.1162/artl.2007.13.1.1}}


