% in preparation

@misc{CPW,
Howpublished={http://cpw.pathomation.com/cpw2016\_abstracts.html}
}

@misc{Humber2016,
	Author = {T. Balke and N. Gilbert and A. Penn and F. Schiller and A.C. Skeldon and S.A. Thomas and A. Yang},
	Howpublished = {in preparation},
	Title = {Using policy to steer outcomes: an agent-based modelling approach applied to in-vessel composting and anaerobic digestion for recycling food waste},
	Year = {2016}
	}

@misc{Thomas2016lift,
	Author = {S. A. Thomas and A. C. Skeldon},
	Howpublished = {in preparation},
	Title = {Equation-free Analysis in Practice: Defining the 'Lifting' Step for Real-world Systems},
	Year = {2016}}


@inbook {Thomas2016ssci,
title = {Dimensionality Reduction of Mass Spectrometry
Imaging Data using Autoencoders},
author = {Spencer A. Thomas and Alan M. Race and
Rory T. Steven and Ian S. Gilmore and Josephine Bunch},
publisher = {IEEE Symposium Series on Computational Intelligence},
isbn = {},
url = {},
doi = {},
pages = {1--7},
year = {2016},
}

@article{Thomas2016limno,
	Author = {R. Martin and S. A. Thomas},
	Booktitle = {International Environmental Modelling and Software Society (iEMSs), 8th International Congress on Environmental Modelling and Software},
	Title = {Analyzing regime shifts in agent-based models with
equation-free analysis},
volume={8},
pages={494-502},
	Year = {2016},
	}


@article{Thomas2016ember,
title = {Equation-free analysis of agent-based models and systematic parameter determination },
journal = {Physica A: Statistical Mechanics and its Applications },
volume = {464},
number = {},
pages = {27 - 53},
year = {2016},
note = {},
issn = {0378-4371},
author = {S. A. Thomas and D. J.B. Lloyd and A. C. Skeldon},
keywords = {Equation free methods},
keywords = {Agent-based models},
keywords = {Numerical continuation},
keywords = {Stochastic systems},
}
%doi = "http://dx.doi.org/10.1016/j.physa.2016.07.043",
%url = "http://www.sciencedirect.com/science/article/pii/S0378437116304745",

@inbook {Thomas2016book,
title = {Modeling dynamic gene expression in STREPTOMYCES COELICOLOR: Comparing single and multi-objective setups},
author = {Thomas, Spencer Angus and Jin, Yaochu and Laing, Emma and Smith, Colin},
publisher = {John Wiley \& Sons, Inc.},
isbn = {9781119079453},
url = {http://dx.doi.org/10.1002/9781119079453.ch7},
doi = {10.1002/9781119079453.ch7},
pages = {151--184},
keywords = {decoupled network optimization, dynamic gene expression, evolutionary algorithms, gene regulatory networks, multi-objective setup, PhoP sub-network, single objective setup, Streptomyces coelicolor},
booktitle = {Evolutionary Computation in Gene Regulatory Network Research},
year = {2016},
}


@article{Thomas2014bigdata,
year={2014},
volume={7},
issue={1},
journal={Evolutionary Intelligence},
title={Reconstructing biological gene regulatory networks: where optimization meets big data},
publisher={Springer Berlin Heidelberg},
keywords={Metaheuristics; Evolutionary algorithms; Data-driven optimization; Gene regulatory network reconstruction; Big data; Data science},
author={Thomas, Spencer Angus and Jin, Yaochu},
pages={29-47}
}


@INPROCEEDINGS{Thomas2014ukci, 
author={Thomas, S.A. and Yaochu Jin and Laing, E. and Smith, C.P.}, 
booktitle={Computational Intelligence (UKCI), 2013 13th UK Workshop on}, 
title={Reconstructing regulatory networks in Streptomyces using evolutionary algorithms}, 
year={2013}, 
month={Sept}, 
pages={24-30}, 
keywords={antibacterial activity;evolutionary computation;genetics;microorganisms;S. coelicolor;Streptomyces coelicolor;antibiotics production;bacteria life cycle;biological network reconstruction;biological systems;continuous modelling technique;discrete modelling technique;evolutionary algorithm;gene expression data;gene regulation;gene regulatory network;network structure;organism;parameter optimisation;regulatory network reconstruction;soil dwelling bacterium;Antibiotics;Biological system modeling;Data models;Gene expression;Mathematical model;Production;Proteins;Gene Regulatory Networks;Network Reconstruction;Streptomyces coelicolor}, 
doi={10.1109/UKCI.2013.6651283}
}


@incollection{Thomas2013emo,
year={2013},
isbn={978-3-642-37139-4},
booktitle={Evolutionary Multi-Criterion Optimization},
volume={7811},
series={Lecture Notes in Computer Science},
editor={Purshouse, RobinC. and Fleming, PeterJ. and Fonseca, CarlosM. and Greco, Salvatore and Shaw, Jane},
title={Single and Multi-objective in Silico Evolution of Tunable Genetic Oscillators},
publisher={Springer Berlin Heidelberg},
keywords={Gene regulatory networks; in silico evolution; sustained oscillation; evolutionary algorithms; multiobjectivization},
author={Thomas, Spencer Angus and Jin, Yaochu},
pages={696-709}
}


@article{Thomas2013jbcc,
Author = {Spencer A. Thomas and Yaochu Jin},
Journal = {J. Bioinform. ComputBiol.},
Number = {03},
pages={1341001-1--1341001-15},
Title = {EVOLVING CONNECTIVITY BETWEEN GENETIC OSCILLATORS AND SWITCHES USING EVOLUTIONARY ALGORITHMS},
Volume = {11},
Year = {2013},
doi = {10.1142/S0219720013410011}
}


@inproceedings{Thomas2012-cibcb,
	Author = {Spencer A. Thomas and Yaochu Jin},
	Booktitle = {Computational Intelligence in Bioinformatics and Computational Biology (CIBCB), 2012 IEEE Symposium on},
	Date-Modified = {2013-04-03 15:02:23 +0000},
	Doi = {10.1109/CIBCB.2012.6217207},
	Keywords = {coupling; me; oscillations; bistability; motifs; in silico; evolutionary algorithm; systems biology; mathematical modelling; multiobjective; biological modelling;},
	Month = {may},
	Pages = {28 -34},
	Title = {Combining genetic oscillators and switches using evolutionary algorithms},
	Year = {2012},
	Bdsk-File-1 = {YnBsaXN0MDDUAQIDBAUIJidUJHRvcFgkb2JqZWN0c1gkdmVyc2lvblkkYXJjaGl2ZXLRBgdUcm9vdIABqAkKFRYXGyIjVSRudWxs0wsMDQ4RFFpOUy5vYmplY3RzV05TLmtleXNWJGNsYXNzog8QgASABqISE4ACgAOAB1lhbGlhc0RhdGFccmVsYXRpdmVQYXRo0hgNGRpXTlMuZGF0YU8RAcAAAAAAAcAAAgAADU1hY2hpbnRvY2ggSEQAAAAAAAAAAAAAAAAAAMtDj8BIKwAAAFSz+w1DSUJDQjIwMTIucGRmAAAAAAAAAAAAAAAAAAAAAAAAAAAAAAAAAAAAAAAAAAAAAAAAAAAAAAAAAAAAAAAAAAAAXbMwy8LJ/gAAAAAAAAAAAAEAAwAACSAAAAAAAAAAAAAAAAAAAAAMUHVibGljYXRpb25zABAACAAAy0OPwAAAABEACAAAy8K77gAAAAEAFABUs/sADh8YAA4FjwAN/5QADf84AAIAUk1hY2hpbnRvY2ggSEQ6VXNlcnM6AHNwZW5jZXJhbmd1c3Rob21hczoARHJvcGJveDoAUEhEOgBQdWJsaWNhdGlvbnM6AENJQkNCMjAxMi5wZGYADgAcAA0AQwBJAEIAQwBCADIAMAAxADIALgBwAGQAZgAPABwADQBNAGEAYwBoAGkAbgB0AG8AYwBoACAASABEABIAP1VzZXJzL3NwZW5jZXJhbmd1c3Rob21hcy9Ecm9wYm94L1BIRC9QdWJsaWNhdGlvbnMvQ0lCQ0IyMDEyLnBkZgAAEwABLwAAFQACABn//wAAgAXSHB0eH1gkY2xhc3Nlc1okY2xhc3NuYW1lox8gIV1OU011dGFibGVEYXRhVk5TRGF0YVhOU09iamVjdF8QIS4uL1BIRC9QdWJsaWNhdGlvbnMvQ0lCQ0IyMDEyLnBkZtIcHSQloiUhXE5TRGljdGlvbmFyeRIAAYagXxAPTlNLZXllZEFyY2hpdmVyAAgAEQAWAB8AKAAyADUAOgA8AEUASwBSAF0AZQBsAG8AcQBzAHYAeAB6AHwAhgCTAJgAoAJkAmYCawJ0An8CgwKRApgCoQLFAsoCzQLaAt8AAAAAAAACAQAAAAAAAAAoAAAAAAAAAAAAAAAAAAAC8Q==},
	Bdsk-Url-1 = {http://dx.doi.org/10.1109/CIBCB.2012.6217207}}




@inproceedings{Bucher2015,
author={Bucher,B. and Fang,X. and Tang,X. D. and Tan,W. P. and Almaraz-Calderon,S. and Alongi,A. and Ayangeakaa,A. D. and Beard,M. and Best,A. and Browne,J. and Cahillane,C. and Couder,M. and Dahlstrom,E. and Davies,P. and DeBoer,R. and Kontos,A. and Lamm,L. and Long,A. and Lu,W. and Lyons,S. and Ma,C. and Moncion,A. and Notani,M. and Patel,D. and Paul,N. and Pignatari,M. and Roberts,A. and Robertson,D. and Smith,K. and Stech,E. and Talwar,R. and Thomas,S. and Wiescher,M.},
editor={ },
year={2015},
title={Constraining the 12{C}+12{C} fusion cross section for astrophysics},
booktitle={EPJ Web of Conferences},
volume={93},
language={English},
url={www.scopus.com},
}
}

@article{Bucher2012, 
title={Recent results from the carbon fusion project at Notre Dame}, 
volume={1484},
 DOI={10.1063/1.4763407},
 abstractNote={The carbon fusion project at Notre Dame is aimed towards measuring the {sup 12}C+{sup 12}C fusion cross section and its decay branches relevant to astrophysics down to the lowest possible energies. To complement this approach, we are also exploring new techniques for providing more reliable extrapolations of the cross sections in the energy ranges where experimental data are unavailable. In this paper, we report two recent results: 1) an upper limit for the {sup 12}C+{sup 12}C fusion cross section, and 2) a new measurement of {sup 12}C({sup 12}C,n) along with an improved extrapolation technique based on the mirror reaction channel, {sup 12}C({sup 12}C,p). The outlook for astrophysical heavy-ion fusion studies at Notre Dame is also discussed.}, 
number={1}, 
journal={AIP Conference Proceedings}, 
author={Bucher, Brian and Notani, Masahiro and Alongi, Adam and Browne, Justin and Cahillane, Craig and Dahlstrom, Erin and Davies, Paul and Fang Xiao and Lamm, Larry and Ma Chi and Moncion, Alexander and Tan Wanpeng and Tang Xiaodong and Thomas, Spencer}, 
year={2012},
month={Nov}}


@article{Notani2012,
	Author = {Notani, M. and Esbensen, H. and Fang, X. and Bucher, B. and Davies, P. and Jiang, C. L. and Lamm, L. and Lin, C. J. and Ma, C. and Martin, E. and Rehm, K. E. and Tan, W. P. and Thomas, S. and Tang, X. D. and Brown, E.},
	Date-Modified = {2012-12-04 15:13:51 +0000},
	Doi = {10.1103/PhysRevC.85.014607},
	Issue = {1},
	Journal = {Phys. Rev. C},
	Keywords = {nuclear physics;},
	Month = {Jan},
	Numpages = {7},
	Pages = {014607},
	Publisher = {American Physical Society},
	Title = {Correlation between the ${}^{12}$C+${}^{12}$C, ${}^{12}$C+${}^{13}$C, and ${}^{13}$C+${}^{13}$C fusion cross sections},
	Url = {http://link.aps.org/doi/10.1103/PhysRevC.85.014607},
	Volume = {85},
	Year = {2012},
	Bdsk-Url-1 = {http://link.aps.org/doi/10.1103/PhysRevC.85.014607},
	Bdsk-Url-2 = {http://dx.doi.org/10.1103/PhysRevC.85.014607}}


@article{Notaini2010,
	Author = {Masahiro Notani and P. Davies and B. Bucher and X. Fang and L. Lamm and C. Ma and E. Martin and W. Tan and X.D. Tang and S. Thomas and C.L. Jiang},
	Date-Modified = {2012-12-04 15:14:08 +0000},
	Doi = {10.1016/j.nuclphysa.2009.12.037},
	Issn = {0375-9474},
	Journal = {Nuclear Physics A},
	Keywords = {nuclear physics; me;},
	Note = {<ce:title>The 10th International Conference on Nucleus-Nucleus Collisions (NN2009)</ce:title>},
	Pages = {192c - 194c},
	Title = {Study of the hindrance effect in sub-barrier fusion reactions},
	Url = {http://www.sciencedirect.com/science/article/pii/S0375947409009786},
	Volume = {834},
	Year = {2010},
	Bdsk-Url-1 = {http://www.sciencedirect.com/science/article/pii/S0375947409009786},
	Bdsk-Url-2 = {http://dx.doi.org/10.1016/j.nuclphysa.2009.12.037}}
